<?xml version="1.0" encoding="UTF-8"?><collection xmlns="http://www.loc.gov/MARC21/slim"><record><leader>00375nam--2200133-i-4500</leader><controlfield tag="001">000010255</controlfield><controlfield tag="002">20161230</controlfield><controlfield tag="005">20161230201028</controlfield><controlfield tag="008">060222s1000------------r-----000-0-eng-d</controlfield><datafield ind1=" " ind2=" " tag="080"><subfield code="a">538.566:621.371</subfield></datafield><datafield ind1=" " ind2=" " tag="100"><subfield code="a">Adamut, I.A</subfield></datafield><datafield ind1=" " ind2=" " tag="245"><subfield code="a">Analiza propagarii undelor electromagnetice pe linii in regim tranzitoriu</subfield></datafield><datafield ind1=" " ind2=" " tag="260"><subfield code="a">Bucuresti, Ed.Acad.R.S.R., 1972 376 P</subfield></datafield><datafield ind1=" " ind2=" " tag="852"><subfield code="a">37308</subfield></datafield></record></collection>